@book{adams1979,
	author={Douglas Adams}, 
	title={The Hitchhiker's Guide to the Galaxy}, 
	year={1979}, 
	publisher={Pan Books},
}